%%% ====================================================================
%%%  BibTeX-file{
%%%     author          = "Gerry Murray",
%%%     version         = "1.2",
%%%     date            = "2 April 2012",
%%%     filename        = "acmsmall-sample-bibfile.bib",
%%%     address         = "ACM, NY",
%%%     email           = "murray at hq.acm.org",
%%%     codetable       = "ISO/ASCII",
%%%     keywords        = "ACM Reference Format, bibliography, citation, references",
%%%     supported       = "yes",
%%%     docstring       = "This BibTeX database file contains 'bibdata' entries
%%%                        that 'match' the examples provided in the Specifications Document
%%%                        AND, also, 'legacy'-type bibs. It should assist authors in
%%%                        choosing the 'correct' at-bibtype and necessary bib-fields
%%%                        so as to obtain the appropriate ACM Reference Format output.
%%%                        It also contains many 'Standard Abbreviations'. "
%%%  }
%%% ====================================================================

%%% INTROUCTION

@misc{VersionControlSystemSurvey:2022:Online,
	title = {Survey of Version Control Systems},
	year = {2022 (accessed February 20, 2023)}, 
	howpublished = "\url{https://survey.stackoverflow.co/2022/#section-version-control-version-control-systems}"
}

@Phdthesis{rodriguez2018towards,
  title={Towards an empirical model to identify when bugs are introduced},
  author={Rodr{\'\i}guez P{\'e}rez, Gema and others},
  year={2018},
  publisher={Universidad Rey Juan Carlos}
}

@article{maes2022revisiting,
  title={Revisiting the building of past snapshots—a replication and reproduction study},
  author={Maes-Bermejo, Michel and Gallego, Micael and Gort{\'a}zar, Francisco and Robles, Gregorio and Gonzalez-Barahona, Jesus M},
  journal={Empirical Software Engineering},
  volume={27},
  number={3},
  pages={65},
  year={2022},
  publisher={Springer}
}

%%% BUILDABILITY

@inproceedings{Sulir:2016:QSJ:3001878.3001882,
	author = {Sul\'{\i}r, Mat\'{u}\v{s} and Porub\"{a}n, Jaroslav},
	title = {A Quantitative Study of Java Software Buildability},
	booktitle = {Proceedings of the 7th International Workshop on Evaluation and Usability of Programming Languages and Tools},
	series = {PLATEAU 2016},
	year = {2016},
	isbn = {978-1-4503-4638-2},
	location = {Amsterdam, Netherlands},
	pages = {17--25},
	numpages = {9},
	url = {http://doi.acm.org/10.1145/3001878.3001882},
	doi = {10.1145/3001878.3001882},
	acmid = {3001882},
	publisher = {ACM},
	address = {New York, NY, USA},
	keywords = {Ant, Build systems, Gradle, Maven, error logs},
}

@article{shepperd2018role,
  title={The role and value of replication in empirical software engineering results},
  author={Shepperd, Martin and Ajienka, Nemitari and Counsell, Steve},
  journal={Information and Software Technology},
  volume={99},
  pages={120--132},
  year={2018},
  publisher={Elsevier}
}

@inproceedings{deCarnedeCarnavalet:2014:CIV:2664243.2664288,
	author = {de Carn{\'e} de Carnavalet, Xavier and Mannan, Mohammad},
	title = {Challenges and Implications of Verifiable Builds for Security-critical Open-source Software},
	booktitle = {Proceedings of the 30th Annual Computer Security Applications Conference},
	series = {ACSAC '14},
	year = {2014},
	isbn = {978-1-4503-3005-3},
	location = {New Orleans, Louisiana, USA},
	pages = {16--25},
	numpages = {10},
	url = {http://doi.acm.org/10.1145/2664243.2664288},
	doi = {10.1145/2664243.2664288},
	acmid = {2664288},
	publisher = {ACM},
	address = {New York, NY, USA},
	keywords = {TrueCrypt, bitcoin, debian, deterministic build, reproducible build, tor},
} 

@Inbook{Zimmermann2008,
	author={Zimmermann, Thomas and Nagappan, Nachiappan and Zeller, Andreas},
	title={Predicting Bugs from History},
	bookTitle={Software Evolution},
	year={2008},
	publisher={Springer Berlin Heidelberg},
	address={Berlin, Heidelberg},
	pages={69--88},
	isbn={978-3-540-76440-3},
	doi={doi:10.1007/978-3-540-76440-3_4},
	url={https://doi.org/10.1007/978-3-540-76440-3_4}
}

@inproceedings{Ren:2018:ALU:3180155.3180224,
	author = {Ren, Zhilei and Jiang, He and Xuan, Jifeng and Yang, Zijiang},
	title = {Automated Localization for Unreproducible Builds},
	booktitle = {Proceedings of the 40th International Conference on Software Engineering},
	series = {ICSE '18},
	year = {2018},
	isbn = {978-1-4503-5638-1},
	location = {Gothenburg, Sweden},
	pages = {71--81},
	numpages = {11},
	url = {http://doi.acm.org/10.1145/3180155.3180224},
	doi = {10.1145/3180155.3180224},
	acmid = {3180224},
	publisher = {ACM},
	address = {New York, NY, USA},
	keywords = {localization, software maintenance, unreproducible build},
}

@inproceedings{Just:2014:DDE:2610384.2628055,
	author = {Just, Ren{\'e} and Jalali, Darioush and Ernst, Michael D.},
	title = {Defects4J: A Database of Existing Faults to Enable Controlled Testing Studies for Java Programs},
	booktitle = {Proceedings of the 2014 International Symposium on Software Testing and Analysis},
	series = {ISSTA 2014},
	year = {2014},
	isbn = {978-1-4503-2645-2},
	location = {San Jose, CA, USA},
	pages = {437--440},
	numpages = {4},
	url = {http://doi.acm.org/10.1145/2610384.2628055},
	doi = {10.1145/2610384.2628055},
	acmid = {2628055},
	publisher = {ACM},
	address = {New York, NY, USA},
	keywords = {Bug database, real bugs, testing framework},
} 

@inproceedings{Just:2014:MVS:2635868.2635929,
	author = {Just, Ren{\'e} and Jalali, Darioush and Inozemtseva, Laura and Ernst, Michael D. and Holmes, Reid and Fraser, Gordon},
	title = {Are Mutants a Valid Substitute for Real Faults in Software Testing?},
	booktitle = {Proceedings of the 22Nd ACM SIGSOFT International Symposium on Foundations of Software Engineering},
	series = {FSE 2014},
	year = {2014},
	isbn = {978-1-4503-3056-5},
	location = {Hong Kong, China},
	pages = {654--665},
	numpages = {12},
	url = {http://doi.acm.org/10.1145/2635868.2635929},
	doi = {10.1145/2635868.2635929},
	acmid = {2635929},
	publisher = {ACM},
	address = {New York, NY, USA},
	keywords = {Test effectiveness, code coverage, mutation analysis, real faults},
}

@inproceedings{nikitin2017chainiac,
  title={$\{$CHAINIAC$\}$: Proactive Software-Update Transparency via Collectively Signed Skipchains and Verified Builds},
  author={Nikitin, Kirill and Kokoris-Kogias, Eleftherios and Jovanovic, Philipp and Gailly, Nicolas and Gasser, Linus and Khoffi, Ismail and Cappos, Justin and Ford, Bryan},
  booktitle={26th $\{$USENIX$\}$ Security Symposium ($\{$USENIX$\}$ Security 17)},
  pages={1271--1287},
  year={2017}
}

@misc{RepBlds:2017:Online,
	title = {Reproducible builds},
	year = {2017 (accessed March 6, 2023)}, 
	howpublished = "\url{https://reproducible-builds.org/}"
}

@Article{González-Barahona2012,
	author="Gonz{\'a}lez-Barahona, Jes{\'u}s M.
	and Robles, Gregorio",
	title="On the reproducibility of empirical software engineering studies based on data retrieved from development repositories",
	journal="Empirical Software Engineering",
	year="2012",
	month="Feb",
	day="01",
	volume="17",
	number="1",
	pages="75--89",
	issn="1573-7616",
	doi="10.1007/s10664-011-9181-9",
	url="https://doi.org/10.1007/s10664-011-9181-9"
}

@article{DBLP:journals/corr/Weber17,
	author    = {Jonas Weber},
	title     = {Idiomatic and Reproducible Software Builds using Containers for Reliable
	Computing},
	journal   = {CoRR},
	volume    = {abs/1702.02999},
	year      = {2017},
	url       = {http://arxiv.org/abs/1702.02999},
	archivePrefix = {arXiv},
	eprint    = {1702.02999},
	timestamp = {Mon, 13 Aug 2018 16:48:25 +0200},
	biburl    = {https://dblp.org/rec/bib/journals/corr/Weber17},
	bibsource = {dblp computer science bibliography, https://dblp.org}
}

@InProceedings{DockerReproducibility2016,
	author="Cito, J{\"u}rgen
	and Ferme, Vincenzo
	and Gall, Harald C.",
	editor="Bozzon, Alessandro
	and Cudre-Maroux, Philippe
	and Pautasso, Cesare",
	title="Using {D}ocker Containers to Improve Reproducibility in Software and Web Engineering Research",
	booktitle="Web Engineering",
	year="2016",
	publisher="Springer International Publishing",
	address="Cham",
	pages="609--612",
	isbn="978-3-319-38791-8"
}

@inproceedings{cito2017empirical,
  title={An empirical analysis of the {D}ocker container ecosystem on GitHub},
  author={Cito, J{\"u}rgen and Schermann, Gerald and Wittern, John Erik and Leitner, Philipp and Zumberi, Sali and Gall, Harald C},
  booktitle={2017 IEEE/ACM 14th International Conference on Mining Software Repositories (MSR)},
  pages={323--333},
  year={2017},
  organization={IEEE}
}


@article{RODRIGUEZPEREZ2018164,
	title = "Reproducibility and credibility in empirical software engineering: A case study based on a systematic literature review of the use of the {SZZ} algorithm",
	journal = "Information and Software Technology",
	volume = "99",
	pages = "164 - 176",
	year = "2018",
	issn = "0950-5849",
	doi = "https://doi.org/10.1016/j.infsof.2018.03.009",
	url = "http://www.sciencedirect.com/science/article/pii/S0950584917304275",
	author = "Gema Rodr{\'i}guez-P{\'e}rez and Gregorio Robles and Jes{\'u}s M. Gonz{\'a}lez-Barahona",
	keywords = "Credibility, Reproducibility, SZZ Algorithm, Systematic literature review"
}

@article{Boettiger:2015:IDR:2723872.2723882,
	author = {Boettiger, Carl},
	title = {An Introduction to Docker for Reproducible Research},
	journal = {SIGOPS Oper. Syst. Rev.},
	issue_date = {January 2015},
	volume = {49},
	number = {1},
	month = jan,
	year = {2015},
	issn = {0163-5980},
	pages = {71--79},
	numpages = {9},
	url = {http://doi.acm.org/10.1145/2723872.2723882},
	doi = {10.1145/2723872.2723882},
	acmid = {2723882},
	publisher = {ACM},
	address = {New York, NY, USA},
}

@ARTICLE{4693714, 
	author={B. C. D. {Anda} and D. I. K. {Sjøberg} and A. {Mockus}}, 
	journal={IEEE Transactions on Software Engineering}, 
	title={Variability and Reproducibility in Software Engineering: A Study of Four Companies that Developed the Same System}, 
	year={2009}, 
	volume={35}, 
	number={3}, 
	pages={407-429}, 
	keywords={software quality;software engineering;mature engineering industries;software development;software quality;software process;Reproducibility of results;Software engineering;Programming;Job shop scheduling;Software quality;Computer industry;Costs;Software measurement;Systems engineering and theory;Usability;Software engineering life cycle;software quality;software project success;software process;multiple-case study.;General;Life cycle;Software Quality/SQA;Multiple-case study}, 
	doi={10.1109/TSE.2008.89}, 
	ISSN={0098-5589}, 
	month={May}
}

@inproceedings{Asaduzzaman:2012:BIC:2664446.2664463,
 author = {Asaduzzaman, Muhammad and Bullock, Michael C. and Roy, Chanchal K. and Schneider, Kevin A.},
 title = {Bug Introducing Changes: A Case Study with {A}ndroid},
 booktitle = {Proceedings of the 9th IEEE Working Conference on Mining Software Repositories},
 series = {MSR '12},
 year = {2012},
 isbn = {978-1-4673-1761-0},
 location = {Zurich, Switzerland},
 pages = {116--119},
 numpages = {4},
 url = {http://dl.acm.org/citation.cfm?id=2664446.2664463},
 acmid = {2664463},
 publisher = {IEEE Press},
 address = {Piscataway, NJ, USA},
 keywords = {bug, bug report, change log, fixes},
} 

@inproceedings{Sliwerski:2005:CIF:1083142.1083147,
	author = {\'{S}liwerski, Jacek and Zimmermann, Thomas and Zeller, Andreas},
	title = {When Do Changes Induce Fixes?},
	booktitle = {Proceedings of the 2005 International Workshop on Mining Software Repositories},
	series = {MSR '05},
	year = {2005},
	isbn = {1-59593-123-6},
	location = {St. Louis, Missouri},
	pages = {1--5},
	numpages = {5},
	url = {http://doi.acm.org/10.1145/1082983.1083147},
	doi = {10.1145/1082983.1083147},
	acmid = {1083147},
	publisher = {ACM},
	address = {New York, NY, USA}
} 

@inproceedings{Murgia:2010:MLA:1852786.1852794,
 author = {Murgia, Alessandro and Concas, Giulio and Marchesi, Michele and Tonelli, Roberto},
 title = {A Machine Learning Approach for Text Categorization of Fixing-issue Commits on {CVS}},
 booktitle = {Proceedings of the 2010 ACM-IEEE International Symposium on Empirical Software Engineering and Measurement},
 series = {ESEM '10},
 year = {2010},
 isbn = {978-1-4503-0039-1},
 location = {Bolzano-Bozen, Italy},
 pages = {6:1--6:10},
 articleno = {6},
 numpages = {10},
 url = {http://doi.acm.org/10.1145/1852786.1852794},
 doi = {10.1145/1852786.1852794},
 acmid = {1852794},
 publisher = {ACM},
 address = {New York, NY, USA},
 keywords = {classifier, data mining, machine learning},
} 

@inproceedings{Zimmermann:2006:MVA:1137983.1138001,
 author = {Zimmermann, Thomas and Kim, Sunghun and Zeller, Andreas and Whitehead,Jr., E. James},
 title = {Mining Version Archives for Co-changed Lines},
 booktitle = {Proceedings of the 2006 International Workshop on Mining Software Repositories},
 series = {MSR '06},
 year = {2006},
 isbn = {1-59593-397-2},
 location = {Shanghai, China},
 pages = {72--75},
 numpages = {4},
 url = {http://doi.acm.org/10.1145/1137983.1138001},
 doi = {10.1145/1137983.1138001},
 acmid = {1138001},
 publisher = {ACM},
 address = {New York, NY, USA},
} 

@article{spinellis2012git,
  title={{G}it},
  author={Spinellis, Diomidis},
  journal={IEEE software},
  volume={29},
  number={3},
  pages={100--101},
  year={2012},
  publisher={IEEE}
}

@inproceedings{meneely2013patch,
  title={When a patch goes bad: Exploring the properties of vulnerability-contributing commits},
  author={Meneely, Andrew and Srinivasan, Harshavardhan and Musa, Ayemi and Tejeda, Alberto Rodriguez and Mokary, Matthew and Spates, Brian},
  booktitle={2013 ACM/IEEE International Symposium on Empirical Software Engineering and Measurement},
  pages={65--74},
  year={2013},
  organization={IEEE}
}

@MastersThesis{Skrimstad:Thesis:2018,
	author     =     {Yrjan Skrimstad},
	title     =     {{Improving Trust in Software through Diverse Double-Compiling and Reproducible Builds}},
	school     =     {University of Oslo},
	year     =     {2018},
	url = {http://urn.nb.no/URN:NBN:no-68006}
}

@MastersThesis{Glukhova:Thesis:2017,
	author     =     {Maria Glukhova},
	title     =     {{Tools for Ensuring Reproducible Builds for Open-Source Software}},
	school     =     {Lappeenranta University of Technology},
	year     =     {2017},
	url = {http://lutpub.lut.fi/bitstream/handle/10024/135304/MariaGlukhova_ToolsForEnsuringReproducibleBuildsForOpenSourceSoftware.pdf?sequence=2}
}

@InProceedings{Contour2018,
	author="Al-Bassam, Mustafa and Meiklejohn, Sarah",
	editor="Garcia-Alfaro, Joaquin and Herrera-Joancomart{\'i}, Jordi and Livraga, Giovanni and Rios, Ruben",
	title="{C}ontour: A Practical System for Binary Transparency",
	booktitle="Data Privacy Management, Cryptocurrencies and Blockchain Technology",
	year="2018",
	publisher="Springer International Publishing",
	address="Cham",
	pages="94--110",
	isbn="978-3-030-00305-0",
}

@inproceedings{hassan2017automatic,
  title={Automatic building of {J}ava projects in software repositories: A study on feasibility and challenges},
  author={Hassan, Foyzul and Mostafa, Shaikh and Lam, Edmund SL and Wang, Xiaoyin},
  booktitle={2017 ACM/IEEE International Symposium on Empirical Software Engineering and Measurement (ESEM)},
  pages={38--47},
  year={2017},
  organization={IEEE}
}

@INPROCEEDINGS{HireBuild, 
	author={F. {Hassan} and X. {Wang}}, 
	booktitle={2018 IEEE/ACM 40th International Conference on Software Engineering (ICSE)}, 
	title={{HireBuild}: An Automatic Approach to History-Driven Repair of Build Scripts}, 
	year={2018}, 
	volume={}, 
	number={}, 
	pages={1078-1089}, 
	doi={}, 
	ISSN={1558-1225}, 
	month={May},}

@INPROCEEDINGS{6405296, 
	author={S. {Raemaekers} and A. {van Deursen} and J. {Visser}}, 
	booktitle={2012 28th IEEE International Conference on Software Maintenance (ICSM)}, 
	title={Measuring software library stability through historical version analysis}, 
	year={2012}, 
	volume={}, 
	number={}, 
	pages={378-387}, 
	doi={10.1109/ICSM.2012.6405296}, 
	ISSN={1063-6773}, 
	month={Sep.},}
	
	
@incollection{easterbrook2008selecting,
	title={Selecting empirical methods for software engineering research},
	author={Easterbrook, Steve and Singer, Janice and Storey, Margaret-Anne and Damian, Daniela},
	booktitle={Guide to advanced empirical software engineering},
	pages={285--311},
	year={2008},
	publisher={Springer}
}

@Inbook{Wohlin2012,
	author="Wohlin, Claes
	and Runeson, Per
	and H{\"o}st, Martin
	and Ohlsson, Magnus C.
	and Regnell, Bj{\"o}rn
	and Wessl{\'e}n, Anders",
	title="Planning - Experimentation in Software Engineering",
	bookTitle="Experimentation in Software Engineering",
	year="2012",
	publisher="Springer Berlin Heidelberg",
	address="Berlin, Heidelberg",
	pages="104--110",
	isbn="978-3-642-29044-2",
	doi="10.1007/978-3-642-29044-2_8",
	url="https://doi.org/10.1007/978-3-642-29044-2_8"
}

@article{manacero2011using,
	title={Using binary code to build execution graph models for performance evaluation of parallel programs},
	author={Manacero, Aleardo},
	journal={graph models},
	year={2011}
}

@PhDThesis{tian2017mining,
	title={Mining software repositories for automatic software bug management from bug triaging to patch backporting},
	author={TIAN, Yuan},
	year={2017},
 	school={Singapore Management University}
}

@inproceedings{Krug2012APT,
	title={A Preliminary Taxonomy for Software Failure Impact},
	author={Simone Krug and Robert C. Nickerson and Hugo Campidelli},
	booktitle={AMCIS},
	year={2012}
}

@inproceedings{Geiger2011ManagingTC,
	title={Managing the Crowd: Towards a Taxonomy of Crowdsourcing Processes},
	author={David Geiger and Stefan Seedorf and Thimo Schulze and Robert C. Nickerson and Martin Schader},
	booktitle={AMCIS},
	year={2011}
}

@Article{Nickerson2013,
	author="Nickerson, Robert C
	and Varshney, Upkar
	and Muntermann, Jan",
	title="A method for taxonomy development and its application in information systems",
	journal="European Journal of Information Systems",
	year="2013",
	month="May",
	day="01",
	volume="22",
	number="3",
	pages="336--359",
	issn="1476-9344",
	doi="10.1057/ejis.2012.26",
	url="https://doi.org/10.1057/ejis.2012.26"
}

@misc{eldredge1980phylogenetic,
	title={Phylogenetic Patterns and the Evolutionary Process},
	author={Eldredge, NILES and Cracraft, JOEL},
	year={1980},
	publisher={New York: Columia University Press}
}

@book{sneath1973numerical,
	title={Numerical taxonomy. The principles and practice of numerical classification},
	author={Sneath, Peter HA and Sokal, Robert R and others},
	year={1973},
	publisher={WH Freeman}
}

@book{bailey1994typologies,
	title={Typologies and taxonomies: an introduction to classification techniques},
	author={Bailey, Kenneth D},
	volume={102},
	year={1994},
	publisher={Sage}
}

@inproceedings{Rausch:2017:EAB:3104188.3104231,
	author = {Rausch, Thomas and Hummer, Waldemar and Leitner, Philipp and Schulte, Stefan},
	title = {An Empirical Analysis of Build Failures in the Continuous Integration Workflows of {J}ava-based Open-source Software},
	booktitle = {Proceedings of the 14th International Conference on Mining Software Repositories},
	series = {MSR '17},
	year = {2017},
	isbn = {978-1-5386-1544-7},
	location = {Buenos Aires, Argentina},
	pages = {345--355},
	numpages = {11},
	url = {https://doi.org/10.1109/MSR.2017.54},
	doi = {10.1109/MSR.2017.54},
	acmid = {3104231},
	publisher = {IEEE Press},
	address = {Piscataway, NJ, USA},
	keywords = {build errors, continuous integration, correlation analysis, mining software repositories},
} 

@inproceedings{Seo:2014:PBE:2568225.2568255,
	author = {Seo, Hyunmin and Sadowski, Caitlin and Elbaum, Sebastian and Aftandilian, Edward and Bowdidge, Robert},
	title = {Programmers' Build Errors: A Case Study (at {G}oogle)},
	booktitle = {Proceedings of the 36th International Conference on Software Engineering},
	series = {ICSE 2014},
	year = {2014},
	isbn = {978-1-4503-2756-5},
	location = {Hyderabad, India},
	pages = {724--734},
	numpages = {11},
	url = {http://doi.acm.org/10.1145/2568225.2568255},
	doi = {10.1145/2568225.2568255},
	acmid = {2568255},
	publisher = {ACM},
	address = {New York, NY, USA},
	keywords = {Software builds, build errors, empirical analysis},
} 

@inproceedings{perry2014reproducible,
  title={Reproducible Builds. Moving Beyond Single Points of Failure for Software Distribution},
  author={Perry, Mike and Schoen, Seth and Steiner, Hans},
  booktitle={Chaos Communication Congress},
  year={2014}
}

@article{maudoux2018correct,
  title={Correct, efficient, and tailored: The future of build systems},
  author={Maudoux, Guillaume and Mens, Kim},
  journal={IEEE Software},
  volume={35},
  number={2},
  pages={32--37},
  year={2018},
  publisher={IEEE}
}

@inproceedings{kim2006automatic,
  title={Automatic identification of bug-introducing changes},
  author={Kim, Sunghun and Zimmermann, Thomas and Pan, Kai and James Jr, E and others},
  booktitle={21st IEEE/ACM International Conference on Automated Software Engineering (ASE'06)},
  pages={81--90},
  year={2006},
  organization={IEEE}
}

@inproceedings{williams2008szz,
  title={Szz revisited: verifying when changes induce fixes},
  author={Williams, Chadd and Spacco, Jaime},
  booktitle={Proceedings of the 2008 workshop on Defects in large software systems},
  pages={32--36},
  year={2008}
}

@inproceedings{rodriguez2012software,
  title={On software engineering repositories and their open problems},
  author={Rodriguez, Daniel and Herraiz, Israel and Harrison, Rachel},
  booktitle={2012 First International Workshop on Realizing AI Synergies in Software Engineering (RAISE)},
  pages={52--56},
  year={2012},
  organization={IEEE}
}

@article{bruntink2014initial,
  title={An initial quality analysis of the {O}hloh software evolution data},
  author={Bruntink, Magiel},
  journal={Electronic Communications of the EASST},
  year={2014}
}

@article{wahono2015systematic,
  title={A systematic literature review of software defect prediction: research trends, datasets, methods and frameworks},
  author={Wahono, Romi Satria},
  journal={Journal of Software Engineering},
  volume={1},
  number={1},
  pages={1--16},
  year={2015}
}

@article{roberts2006understanding,
	title={Understanding the motivations, participation, and performance of open source software developers: A longitudinal study of the {A}pache projects},
	author={Roberts, Jeffrey A and Hann, Il-Horn and Slaughter, Sandra A},
	journal={Management science},
	volume={52},
	number={7},
	pages={984--999},
	year={2006},
	publisher={INFORMS}
}
@article{iqbal2014understanding,
	title={Understanding contributor to developer turnover patterns in {OSS} projects: A case study of apache projects},
	author={Iqbal, Aftab},
	journal={International Scholarly Research Notices},
	volume={2014},
	year={2014},
	publisher={Hindawi}
}
@inproceedings{kabinna2016logging,
	title={Logging library migrations: A case study for the {A}pache software foundation projects},
	author={Kabinna, Suhas and Bezemer, Cor-Paul and Shang, Weiyi and Hassan, Ahmed E},
	booktitle={2016 IEEE/ACM 13th Working Conference on Mining Software Repositories (MSR)},
	pages={154--164},
	year={2016},
	organization={IEEE}
}
@article{bavota2015apache,
	title={How the Apache community upgrades dependencies: an evolutionary study},
	author={Bavota, Gabriele and Canfora, Gerardo and Di Penta, Massimiliano and Oliveto, Rocco and Panichella, Sebastiano},
	journal={Empirical Software Engineering},
	volume={20},
	number={5},
	pages={1275--1317},
	year={2015},
	publisher={Springer}
}
@inproceedings{bavota2013evolution,
	title={The evolution of project inter-dependencies in a software ecosystem: The case of {A}pache},
	author={Bavota, Gabriele and Canfora, Gerardo and Di Penta, Massimiliano and Oliveto, Rocco and Panichella, Sebastiano},
	booktitle={2013 IEEE international conference on software maintenance},
	pages={280--289},
	year={2013},
	organization={IEEE}
}

@article{tufano2017there,
	title={There and back again: Can you compile that snapshot?},
	author={Tufano, Michele and Palomba, Fabio and Bavota, Gabriele and Di Penta, Massimiliano and Oliveto, Rocco and De Lucia, Andrea and Poshyvanyk, Denys},
	journal={Journal of Software: Evolution and Process},
	volume={29},
	number={4},
	pages={e1838},
	year={2017},
	publisher={Wiley Online Library}
}

@incollection{juristo2010replication,
	title={Replication of software engineering experiments},
	author={Juristo, Natalia and G{\'o}mez, Omar S},
	booktitle={Empirical software engineering and verification},
	pages={60--88},
	year={2010},
	publisher={Springer}
}

@article{cartwright1991replicability,
	title={Replicability, reproducibility, and robustness: comments on {H}arry {C}ollins},
	author={Cartwright, Nancy},
	journal={History of Political Economy},
	volume={23},
	number={1},
	pages={143--155},
	year={1991},
	publisher={Duke University Press}
}

@misc{di2017software,
	title={{S}oftware {H}eritage: Why and how to preserve software source code},
	author={Di Cosmo, Roberto and Zacchiroli, Stefano},
	year={2017}
}

@inproceedings{di2018software,
	title={{S}oftware {H}eritage: why and how we collect, preserve and share all the software source code},
	author={Di Cosmo, Roberto},
	booktitle={2018 IEEE/ACM 40th International Conference on Software Engineering: Software Engineering in Society (ICSE-SEIS)},
	pages={2--2},
	year={2018},
	organization={IEEE}
}

@article{rodriguez2020bugs,
  title={How bugs are born: a model to identify how bugs are introduced in software components},
  author={Rodr{\'\i}guez-P{\'e}rez, Gema and Robles, Gregorio and Serebrenik, Alexander and Zaidman, Andy and Germ{\'a}n, Daniel M and Gonzalez-Barahona, Jesus M},
  journal={Empirical Software Engineering},
  pages={1--47},
  year={2020},
  publisher={Springer}
}

@inproceedings{rodriguez2018if,
  title={What if a bug has a different origin? Making sense of bugs without an explicit bug introducing change},
  author={Rodr{\'\i}guez-P{\'e}rez, Gema and Zaidman, Andy and Serebrenik, Alexander and Robles, Gregorio and Gonz{\'a}lez-Barahona, Jes{\'u}s M},
  booktitle={Proceedings of the 12th ACM/IEEE international symposium on empirical software engineering and measurement},
  pages={1--4},
  year={2018}
}

@article{sliwerski2005changes,
  title={When do changes induce fixes?},
  author={{\'S}liwerski, Jacek and Zimmermann, Thomas and Zeller, Andreas},
  journal={ACM sigsoft software engineering notes},
  volume={30},
  number={4},
  pages={1--5},
  year={2005},
  publisher={ACM New York, NY, USA}
}

@inproceedings{macho2018automatically,
  title={Automatically repairing dependency-related build breakage},
  author={Macho, Christian and McIntosh, Shane and Pinzger, Martin},
  booktitle={2018 IEEE 25th International Conference on Software Analysis, Evolution and Reengineering (SANER)},
  pages={106--117},
  year={2018},
  organization={IEEE}
}

@inproceedings{querel2018warningsguru,
  title={{W}arnings{G}uru: Integrating statistical bug models with static analysis to provide timely and specific bug warnings},
  author={Querel, Louis-Philippe and Rigby, Peter C},
  booktitle={Proceedings of the 2018 26th ACM Joint Meeting on European Software Engineering Conference and Symposium on the Foundations of Software Engineering},
  pages={892--895},
  year={2018}
}

@phdthesis{querel2017warningsguru,
  title={{W}arnings{G}uru-Analysing historical commits, augmenting software bug prediction models with warnings and a user study},
  author={Qu{\'e}rel, Louis-Philippe},
  year={2017},
  school={Concordia University}
}

@article{kalliamvakou2016depth,
  title={An in-depth study of the promises and perils of mining GitHub},
  author={Kalliamvakou, Eirini and Gousios, Georgios and Blincoe, Kelly and Singer, Leif and German, Daniel M and Damian, Daniela},
  journal={Empirical Software Engineering},
  volume={21},
  number={5},
  pages={2035--2071},
  year={2016},
  publisher={Springer}
}

@article{vassallo2020every,
  title={Every build you break: Developer-oriented assistance for build failure resolution},
  author={Vassallo, Carmine and Proksch, Sebastian and Zemp, Timothy and Gall, Harald C},
  journal={Empirical Software Engineering},
  volume={25},
  number={3},
  pages={2218--2257},
  year={2020},
  publisher={Springer}
}


@article{shull2008role,
  title={The role of replications in empirical software engineering},
  author={Shull, Forrest J and Carver, Jeffrey C and Vegas, Sira and Juristo, Natalia},
  journal={Empirical software engineering},
  volume={13},
  number={2},
  pages={211--218},
  year={2008},
  publisher={Springer}
}

@article{kitchenham2008role,
  title={The role of replications in empirical software engineering—a word of warning},
  author={Kitchenham, Barbara},
  journal={Empirical Software Engineering},
  volume={13},
  number={2},
  pages={219--221},
  year={2008},
  publisher={Springer}
}

@inproceedings{juristo2009using,
  title={Using differences among replications of software engineering experiments to gain knowledge},
  author={Juristo, Natalia and Vegas, Sira},
  booktitle={2009 3Rd international symposium on empirical software engineering and measurement},
  pages={356--366},
  year={2009},
  organization={IEEE}
}

# TESTABILITY

@Article{González-Barahona2012,
	author="Gonz{\'a}lez-Barahona, Jes{\'u}s M.
	and Robles, Gregorio",
	title="On the reproducibility of empirical software engineering studies based on data retrieved from development repositories",
	journal="Empirical Software Engineering",
	year="2012",
	month="Feb",
	day="01",
	volume="17",
	number="1",
	pages="75--89",
	issn="1573-7616",
	doi="10.1007/s10664-011-9181-9",
	url="https://doi.org/10.1007/s10664-011-9181-9"
}

@article{DBLP:journals/corr/Weber17,
	author    = {Jonas Weber},
	title     = {Idiomatic and Reproducible Software Builds using Containers for Reliable
	Computing},
	journal   = {CoRR},
	volume    = {abs/1702.02999},
	year      = {2017},
	url       = {http://arxiv.org/abs/1702.02999},
	archivePrefix = {arXiv},
	eprint    = {1702.02999},
	timestamp = {Mon, 13 Aug 2018 16:48:25 +0200},
	biburl    = {https://dblp.org/rec/bib/journals/corr/Weber17},
	bibsource = {dblp computer science bibliography, https://dblp.org}
}

@InProceedings{DockerReproducibility2016,
	author="Cito, J{\"u}rgen
	and Ferme, Vincenzo
	and Gall, Harald C.",
	editor="Bozzon, Alessandro
	and Cudre-Maroux, Philippe
	and Pautasso, Cesare",
	title="Using Docker Containers to Improve Reproducibility in Software and Web Engineering Research",
	booktitle="Web Engineering",
	year="2016",
	publisher="Springer International Publishing",
	address="Cham",
	pages="609--612",
	isbn="978-3-319-38791-8"
}

@article{RODRIGUEZPEREZ2018164,
	title = "Reproducibility and credibility in empirical software engineering: A case study based on a systematic literature review of the use of the SZZ algorithm",
	journal = "Information and Software Technology",
	volume = "99",
	pages = "164 - 176",
	year = "2018",
	issn = "0950-5849",
	doi = "https://doi.org/10.1016/j.infsof.2018.03.009",
	url = "http://www.sciencedirect.com/science/article/pii/S0950584917304275",
	author = "Gema Rodr{\'i}guez-P{\'e}rez and Gregorio Robles and Jes{\'u}s M. Gonz{\'a}lez-Barahona",
	keywords = "Credibility, Reproducibility, SZZ Algorithm, Systematic literature review"
}

@article{Boettiger:2015:IDR:2723872.2723882,
	author = {Boettiger, Carl},
	title = {An Introduction to Docker for Reproducible Research},
	journal = {SIGOPS Oper. Syst. Rev.},
	issue_date = {January 2015},
	volume = {49},
	number = {1},
	month = jan,
	year = {2015},
	issn = {0163-5980},
	pages = {71--79},
	numpages = {9},
	url = {http://doi.acm.org/10.1145/2723872.2723882},
	doi = {10.1145/2723872.2723882},
	acmid = {2723882},
	publisher = {ACM},
	address = {New York, NY, USA},
}

@ARTICLE{4693714, 
	author={B. C. D. {Anda} and D. I. K. {Sjøberg} and A. {Mockus}}, 
	journal={IEEE Transactions on Software Engineering}, 
	title={Variability and Reproducibility in Software Engineering: A Study of Four Companies that Developed the Same System}, 
	year={2009}, 
	volume={35}, 
	number={3}, 
	pages={407-429}, 
	keywords={software quality;software engineering;mature engineering industries;software development;software quality;software process;Reproducibility of results;Software engineering;Programming;Job shop scheduling;Software quality;Computer industry;Costs;Software measurement;Systems engineering and theory;Usability;Software engineering life cycle;software quality;software project success;software process;multiple-case study.;General;Life cycle;Software Quality/SQA;Multiple-case study}, 
	doi={10.1109/TSE.2008.89}, 
	ISSN={0098-5589}, 
	month={May}
}
	
	
@incollection{easterbrook2008selecting,
	title={Selecting empirical methods for software engineering research},
	author={Easterbrook, Steve and Singer, Janice and Storey, Margaret-Anne and Damian, Daniela},
	booktitle={Guide to advanced empirical software engineering},
	pages={285--311},
	year={2008},
	publisher={Springer}
}

@Inbook{Wohlin2012,
	author="Wohlin, Claes
	and Runeson, Per
	and H{\"o}st, Martin
	and Ohlsson, Magnus C.
	and Regnell, Bj{\"o}rn
	and Wessl{\'e}n, Anders",
	title="Planning - Experimentation in Software Engineering",
	bookTitle="Experimentation in Software Engineering",
	year="2012",
	publisher="Springer Berlin Heidelberg",
	address="Berlin, Heidelberg",
	pages="104--110",
	isbn="978-3-642-29044-2",
	doi="10.1007/978-3-642-29044-2_8",
	url="https://doi.org/10.1007/978-3-642-29044-2_8"
}

@inproceedings{Krug2012APT,
	title={A Preliminary Taxonomy for Software Failure Impact},
	author={Simone Krug and Robert C. Nickerson and Hugo Campidelli},
	booktitle={AMCIS},
	year={2012}
}

@inproceedings{Geiger2011ManagingTC,
	title={Managing the Crowd: Towards a Taxonomy of Crowdsourcing Processes},
	author={David Geiger and Stefan Seedorf and Thimo Schulze and Robert C. Nickerson and Martin Schader},
	booktitle={AMCIS},
	year={2011}
}

@Article{Nickerson2013,
	author="Nickerson, Robert C
	and Varshney, Upkar
	and Muntermann, Jan",
	title="A method for taxonomy development and its application in information systems",
	journal="European Journal of Information Systems",
	year="2013",
	month="May",
	day="01",
	volume="22",
	number="3",
	pages="336--359",
	issn="1476-9344",
	doi="10.1057/ejis.2012.26",
	url="https://doi.org/10.1057/ejis.2012.26"
}

@misc{eldredge1980phylogenetic,
	title={Phylogenetic Patterns and the Evolutionary Process},
	author={Eldredge, NILES and Cracraft, JOEL},
	year={1980},
	publisher={New York: Columia University Press}
}

@book{sneath1973numerical,
	title={Numerical taxonomy. The principles and practice of numerical classification},
	author={Sneath, Peter HA and Sokal, Robert R and others},
	year={1973},
	publisher={WH Freeman}
}

@book{bailey1994typologies,
	title={Typologies and taxonomies: an introduction to classification techniques},
	author={Bailey, Kenneth D},
	volume={102},
	year={1994},
	publisher={Sage}
}

@inproceedings{rodriguez2012software,
  title={On software engineering repositories and their open problems},
  author={Rodriguez, Daniel and Herraiz, Israel and Harrison, Rachel},
  booktitle={2012 First International Workshop on Realizing AI Synergies in Software Engineering (RAISE)},
  pages={52--56},
  year={2012},
  organization={IEEE}
}

@article{bruntink2014initial,
  title={An initial quality analysis of the Ohloh software evolution data},
  author={Bruntink, Magiel},
  journal={Electronic Communications of the EASST},
  year={2014}
}

@article{wahono2015systematic,
  title={A systematic literature review of software defect prediction: research trends, datasets, methods and frameworks},
  author={Wahono, Romi Satria},
  journal={Journal of Software Engineering},
  volume={1},
  number={1},
  pages={1--16},
  year={2015}
}

@article{roberts2006understanding,
	title={Understanding the motivations, participation, and performance of open source software developers: A longitudinal study of the Apache projects},
	author={Roberts, Jeffrey A and Hann, Il-Horn and Slaughter, Sandra A},
	journal={Management science},
	volume={52},
	number={7},
	pages={984--999},
	year={2006},
	publisher={INFORMS}
}
@article{iqbal2014understanding,
	title={Understanding contributor to developer turnover patterns in oss projects: A case study of apache projects},
	author={Iqbal, Aftab},
	journal={International Scholarly Research Notices},
	volume={2014},
	year={2014},
	publisher={Hindawi}
}
@inproceedings{kabinna2016logging,
	title={Logging library migrations: A case study for the apache software foundation projects},
	author={Kabinna, Suhas and Bezemer, Cor-Paul and Shang, Weiyi and Hassan, Ahmed E},
	booktitle={2016 IEEE/ACM 13th Working Conference on Mining Software Repositories (MSR)},
	pages={154--164},
	year={2016},
	organization={IEEE}
}

@inproceedings{bavota2013evolution,
	title={The evolution of project inter-dependencies in a software ecosystem: The case of apache},
	author={Bavota, Gabriele and Canfora, Gerardo and Di Penta, Massimiliano and Oliveto, Rocco and Panichella, Sebastiano},
	booktitle={2013 IEEE international conference on software maintenance},
	pages={280--289},
	year={2013},
	organization={IEEE}
}

@article{rodriguezperez2020watch,
  title={Watch out for extrinsic bugs! a case study of their impact in just-in-time bug prediction models on the openstack project},
  author={Rodriguezperez, Gema and Nagappan, Meiyappan and Robles, Gregorio},
  journal={IEEE Transactions on Software Engineering},
  year={2020},
  publisher={IEEE}
}

@inproceedings{rodriguez2018if,
  title={What if a bug has a different origin? Making sense of bugs without an explicit bug introducing change},
  author={Rodr{\'\i}guez-P{\'e}rez, Gema and Zaidman, Andy and Serebrenik, Alexander and Robles, Gregorio and Gonz{\'a}lez-Barahona, Jes{\'u}s M},
  booktitle={Proceedings of the 12th ACM/IEEE international symposium on empirical software engineering and measurement},
  pages={1--4},
  year={2018},
  organization={ACM}
}

@phdthesis{querel2017warningsguru,
  title={WARNINGSGURU-Analysing historical commits, augmenting software bug prediction models with warnings and a user study},
  author={Qu{\'e}rel, Louis-Philippe},
  year={2017},
  school={Concordia University}
}

@inproceedings{karampatsis2020often,
	author = {Karampatsis, Rafael-Michael and Sutton, Charles},
	title = {How Often Do Single-Statement Bugs Occur? The ManySStuBs4J Dataset},
	year = {2020},
	isbn = {9781450375177},
	publisher = {Association for Computing Machinery},
	address = {New York, NY, USA},
	organization={ACM},
	url = {https://doi.org/10.1145/3379597.3387491},
	doi = {10.1145/3379597.3387491},
	booktitle = {Proceedings of the 17th International Conference on Mining Software Repositories},
	pages = {573–577},
	numpages = {5},
	location = {Seoul, Republic of Korea},
	series = {MSR '20}
}

@article{pecorelli2021relation,
  title={The Relation of Test-Related Factors to Software Quality: A Case Study on Apache Systems},
  author={Pecorelli, Fabiano and Palomba, Fabio and De Lucia, Andrea},
  journal={Empirical Software Engineering},
  volume={26},
  number={2},
  pages={1--42},
  year={2021},
  publisher={Springer}
}

@inproceedings{querel:2021:warning,
  author    = {Louis{-}Philippe Querel and
               Peter C. Rigby},
  title     = {Warning-Introducing Commits vs Bug-Introducing Commits: {A} tool,
               statistical models, and a preliminary user study},
  booktitle = {29th {IEEE/ACM} International Conference on Program Comprehension,
               {ICPC} 2021, Madrid, Spain, May 20-21, 2021},
  pages     = {433--443},
  publisher = {{IEEE}},
  year      = {2021},
  url       = {https://doi.org/10.1109/ICPC52881.2021.00051},
  doi       = {10.1109/ICPC52881.2021.00051},
  timestamp = {Fri, 02 Jul 2021 14:44:13 +0200},
  biburl    = {https://dblp.org/rec/conf/iwpc/QuerelR21.bib},
  bibsource = {dblp computer science bibliography, https://dblp.org},
  organization={IEEE}
}

@inproceedings{kovalenko:2018:miningfilehistories,
  author    = {Vladimir Kovalenko and
               Fabio Palomba and
               Alberto Bacchelli},
  editor    = {Marianne Huchard and
               Christian K{\"{a}}stner and
               Gordon Fraser},
  title     = {Mining file histories: should we consider branches?},
  booktitle = {Proceedings of the 33rd {ACM/IEEE} International Conference on Automated
               Software Engineering, {ASE} 2018, Montpellier, France, September 3-7,
               2018},
  pages     = {202--213},
  publisher = {{ACM}},
  year      = {2018},
  url       = {https://doi.org/10.1145/3238147.3238169},
  doi       = {10.1145/3238147.3238169},
  timestamp = {Mon, 23 Nov 2020 12:33:09 +0100},
  biburl    = {https://dblp.org/rec/conf/kbse/KovalenkoPB18.bib},
  bibsource = {dblp computer science bibliography, https://dblp.org},
  organization={ACM}
}

@inproceedings{lou:2019:historyfailurefix,
	author = {Lou, Yiling and Chen, Junjie and Zhang, Lingming and Hao, Dan and Zhang, Lu},
	title = {History-Driven Build Failure Fixing: How Far Are We?},
	year = {2019},
	isbn = {9781450362245},
	publisher = {Association for Computing Machinery},
	address = {New York, NY, USA},
	url = {https://doi.org/10.1145/3293882.3330578},
	doi = {10.1145/3293882.3330578},
	booktitle = {Proceedings of the 28th ACM SIGSOFT International Symposium on Software Testing and Analysis},
	pages = {43–54},
	numpages = {12},
	keywords = {{Automated Program Repair, Build System, Build Failure Fixing}},
	location = {Beijing, China},
	series = {ISSTA 2019},
	organization={ACM}
}

@article{bruntink2006empirical, 
  title={An empirical study into class testability}, 
  author={Bruntink, Magiel and van Deursen, Arie}, 
  journal={Journal of systems and software}, 
  volume={79}, 
  number={9}, 
  pages={1219--1232}, 
  year={2006}, 
  publisher={Elsevier}
}

@inproceedings{gallaba2018noise,
  title={Noise and heterogeneity in historical build data: an empirical study of Travis CI},
  author={Gallaba, Keheliya and Macho, Christian and Pinzger, Martin and McIntosh, Shane},
  booktitle={Proceedings of the 33rd ACM/IEEE International Conference on Automated Software Engineering},
  pages={87--97},
  year={2018}
}

@article{trautsch2020longitudinal,
  title={A longitudinal study of static analysis warning evolution and the effects of PMD on software quality in Apache open source projects},
  author={Trautsch, Alexander and Herbold, Steffen and Grabowski, Jens},
  journal={Empirical Software Engineering},
  volume={25},
  number={6},
  pages={5137--5192},
  year={2020},
  publisher={Springer}
}

@inproceedings{behnamghader2018scalable,
	author = {Behnamghader, Pooyan and Meemeng, Patavee and Fostiropoulos, Iordanis and Huang, Di and Srisopha, Kamonphop and Boehm, Barry},
	title = {A Scalable and Efficient Approach for Compiling and Analyzing Commit History},
	year = {2018},
	isbn = {9781450358231},
	publisher = {Association for Computing Machinery},
	address = {New York, NY, USA},
	url = {https://doi.org/10.1145/3239235.3239237},
	doi = {10.1145/3239235.3239237},
	booktitle = {Proceedings of the 12th ACM/IEEE International Symposium on Empirical Software Engineering and Measurement},
	articleno = {27},
	numpages = {10},
	keywords = {software technical debt, mining software repositories, software maintainbaility evolution, software compilability},
	location = {Oulu, Finland},
	series = {ESEM '18},
	organization={ACM}
}

@inproceedings{he2020characteristics,
  author    = {Jincheng He and
               Sitao Min and
               Kelechi Ogudu and
               Michael Shoga and
               Alex Polak and
               Iordanis Fostiropoulos and
               Barry W. Boehm and
               Pooyan Behnamghader},
  title     = {The Characteristics and Impact of Uncompilable Code Changes on Software
               Quality Evolution},
  booktitle = {20th {IEEE} International Conference on Software Quality, Reliability
               and Security, {QRS} 2020, Macau, China, December 11-14, 2020},
  pages     = {418--429},
  publisher = {{IEEE}},
  year      = {2020},
  url       = {https://doi.org/10.1109/QRS51102.2020.00061},
  doi       = {10.1109/QRS51102.2020.00061},
  timestamp = {Mon, 08 Feb 2021 12:26:21 +0100},
  biburl    = {https://dblp.org/rec/conf/qrs/HeMOSPFBB20.bib},
  bibsource = {dblp computer science bibliography, https://dblp.org},
  organization={IEEE}
}

@article{sulir2020large,
  title={Large-scale dataset of local java software build results},
  author={Sul{\'\i}r, Mat{\'u}{\v{s}} and Ba{\v{c}}{\'\i}kov{\'a}, Michaela and Madeja, Matej and Chodarev, Sergej and Juh{\'a}r, J{\'a}n},
  journal={Data},
  volume={5},
  number={3},
  pages={86},
  year={2020},
  publisher={Multidisciplinary Digital Publishing Institute}
}

@article{garousi2019survey,
  title={A survey on software testability},
  author={Garousi, Vahid and Felderer, Michael and K{\i}l{\i}{\c{c}}aslan, Feyza Nur},
  journal={Information and Software Technology},
  volume={108},
  pages={35--64},
  year={2019},
  publisher={Elsevier}
}

@inproceedings{just2014defects4j,
	author = {Just, Ren\'{e} and Jalali, Darioush and Ernst, Michael D.},
	title = {Defects4J: A Database of Existing Faults to Enable Controlled Testing Studies for Java Programs},
	year = {2014},
	isbn = {9781450326452},
	publisher = {Association for Computing Machinery},
	address = {New York, NY, USA},
	url = {https://doi.org/10.1145/2610384.2628055},
	doi = {10.1145/2610384.2628055},
	booktitle = {Proceedings of the 2014 International Symposium on Software Testing and Analysis},
	pages = {437–440},
	numpages = {4},
	keywords = {real bugs, testing framework, Bug database},
	location = {San Jose, CA, USA},
	series = {ISSTA 2014},
	organization={ACM},
}

@book{ammann2016introduction,
  title={Introduction to software testing},
  author={Ammann, Paul and Offutt, Jeff},
  year={2016},
  publisher={Cambridge University Press}
}

@inproceedings{santos2019mind,
  title={Mind the gap: are practitioners and researchers in software testing speaking the same language?},
  author={Santos, Ronnie ES and Bener, Ay{\c{s}}e and Baldassarre, Maria Teresa and Magalh{\~a}es, Cleyton VC and Correia-Neto, Jorge S and da Silva, Fabio QB},
  booktitle={2019 IEEE/ACM Joint 7th International Workshop on Conducting Empirical Studies in Industry (CESI) and 6th International Workshop on Software Engineering Research and Industrial Practice (SER\&IP)},
  pages={10--17},
  year={2019},
  organization={IEEE}
}

@inproceedings{beller2017oops,
  title={Oops, my tests broke the build: An explorative analysis of travis ci with github},
  author={Beller, Moritz and Gousios, Georgios and Zaidman, Andy},
  booktitle={2017 IEEE/ACM 14th International Conference on Mining Software Repositories (MSR)},
  pages={356--367},
  year={2017},
  organization={IEEE}
}

@inproceedings{ayewah2007using,
  title={Using findbugs on production software},
  author={Ayewah, Nathaniel and Pugh, William and Morgenthaler, J David and Penix, John and Zhou, YuQian},
  booktitle={Companion to the 22nd ACM SIGPLAN conference on Object-oriented programming systems and applications companion},
  pages={805--806},
  organization={ACM},
  year={2007}
}

@inproceedings{yamashita2015revisiting,
  title={Revisiting the applicability of the pareto principle to core development teams in open source software projects},
  author={Yamashita, Kazuhiro and McIntosh, Shane and Kamei, Yasutaka and Hassan, Ahmed E and Ubayashi, Naoyasu},
  booktitle={Proceedings of the 14th International Workshop on Principles of Software Evolution},
  pages={46--55},
  year={2015},
  organization={ACM}
}

@inproceedings{mannan2016understanding,
  title={Understanding code smells in android applications},
  author={Mannan, Umme Ayda and Ahmed, Iftekhar and Almurshed, Rana Abdullah M and Dig, Danny and Jensen, Carlos},
  booktitle={2016 IEEE/ACM International Conference on Mobile Software Engineering and Systems (MOBILESoft)},
  pages={225--236},
  year={2016},
  organization={IEEE}
}

@inproceedings{rosen2015commit,
  title={Commit guru: analytics and risk prediction of software commits},
  author={Rosen, Christoffer and Grawi, Ben and Shihab, Emad},
  booktitle={Proceedings of the 2015 10th joint meeting on foundations of software engineering},
  pages={966--969},
  year={2015},
  organization={ACM}
}

@misc{bartelsoftware,
	title = {DOS Software Security: Is there Anyone Left to Patch a 25-year old Vulnerability?},
	year = {2019}, 
	author={Bartel, Alexandre},
	howpublished = "\url{https://www.abartel.net/static/p/hacklu2019_build_engine.pdf}"
}

@inproceedings{querel2021warning,
  title={Warning-Introducing Commits vs Bug-Introducing Commits: A tool, statistical models, and a preliminary user study},
  author={Querel, Louis-Philippe and Rigby, Peter C},
  booktitle={2021 IEEE/ACM 29th International Conference on Program Comprehension (ICPC)},
  pages={433--443},
  year={2021},
  organization={IEEE}
}

% BUG HUNTING

@article{harman2010:automated_patching,
  title={Automated patching techniques: the fix is in: technical perspective},
  author={Harman, Mark},
  journal={Communications of the ACM},
  volume={53},
  number={5},
  pages={108--108},
  year={2010},
  publisher={ACM New York, NY, USA}
}

@inproceedings{sulir2016quantitative,
  title={A quantitative study of {J}ava software buildability},
  author={Sul{\'\i}r, Mat{\'u}{\v{s}} and Porub{\"a}n, Jaroslav},
  booktitle={Proceedings of the 7th International Workshop on Evaluation and Usability of Programming Languages and Tools},
  pages={17--25},
  year={2016}
}

@inproceedings{tantithamthavorn2013mining,
  title={Mining A change history to quickly identify bug locations: A case study of the Eclipse project},
  author={Tantithamthavorn, Chakkrit and Teekavanich, Rattamont and Ihara, Akinori and Matsumoto, Ken-ichi},
  booktitle={2013 IEEE International Symposium on Software Reliability Engineering Workshops (ISSREW)},
  pages={108--113},
  year={2013},
  organization={IEEE}
}

@article{lawrence2001persistence,
  title={Persistence of web references in scientific research},
  author={Lawrence, Steve and Pennock, David M and Flake, Gary William and Krovetz, Robert and Coetzee, Frans M and Glover, Eric and Nielsen, Finn Arup and Kruger, Andries and Giles, C Lee},
  journal={Computer},
  volume={34},
  number={2},
  pages={26--31},
  year={2001},
  publisher={IEEE}
}

@inproceedings{wu2011relink,
  title={Relink: recovering links between bugs and changes},
  author={Wu, Rongxin and Zhang, Hongyu and Kim, Sunghun and Cheung, Shing-Chi},
  booktitle={Proceedings of the 19th ACM SIGSOFT symposium and the 13th European conference on Foundations of software engineering},
  pages={15--25},
  year={2011}
}


@inproceedings{kovalenko2018mining,
  title={Mining file histories: Should we consider branches?},
  author={Kovalenko, Vladimir and Palomba, Fabio and Bacchelli, Alberto},
  booktitle={Proceedings of the 33rd ACM/IEEE International Conference on Automated Software Engineering},
  pages={202--213},
  year={2018}
}

@inproceedings{jiang2021extracting,
  title={Extracting Concise Bug-Fixing Patches from Human-Written Patches in Version Control Systems},
  author={Jiang, Yanjie and Liu, Hui and Niu, Nan and Zhang, Lu and Hu, Yamin},
  booktitle={2021 IEEE/ACM 43rd International Conference on Software Engineering (ICSE)},
  pages={686--698},
  year={2021},
  organization={IEEE}
}

@article{rodriguez2018reproducibility,
  title={Reproducibility and credibility in empirical software engineering: A case study based on a systematic literature review of the use of the szz algorithm},
  author={Rodr{\'\i}guez-P{\'e}rez, Gema and Robles, Gregorio and Gonz{\'a}lez-Barahona, Jes{\'u}s M},
  journal={Information and Software Technology},
  volume={99},
  pages={164--176},
  year={2018},
  publisher={Elsevier}
}

@inproceedings{borg2019szz,
  title={Szz unleashed: An open implementation of the szz algorithm-featuring example usage in a study of just-in-time bug prediction for the jenkins project},
  author={Borg, Markus and Svensson, Oscar and Berg, Kristian and Hansson, Daniel},
  booktitle={Proceedings of the 3rd ACM SIGSOFT International Workshop on Machine Learning Techniques for Software Quality Evaluation},
  pages={7--12},
  year={2019}
}

@inproceedings{lenarduzzi2020openszz,
  title={Openszz: A free, open-source, web-accessible implementation of the szz algorithm},
  author={Lenarduzzi, Valentina and Palomba, Fabio and Taibi, Davide and Tamburri, Damian Andrew},
  booktitle={Proceedings of the 28th international conference on program comprehension},
  pages={446--450},
  year={2020}
}

@inproceedings{rosa2021evaluating,
  title={Evaluating szz implementations through a developer-informed oracle},
  author={Rosa, Giovanni and Pascarella, Luca and Scalabrino, Simone and Tufano, Rosalia and Bavota, Gabriele and Lanza, Michele and Oliveto, Rocco},
  booktitle={2021 IEEE/ACM 43rd International Conference on Software Engineering (ICSE)},
  pages={436--447},
  year={2021},
  organization={IEEE}
}

@inproceedings{Spadini2018,
  address = {New York, New York, USA},
  author = {Spadini, Davide and Aniche, Maur\'{i}cio and Bacchelli, Alberto},
  booktitle = {Proceedings of the 2018 26th ACM Joint Meeting on European Software Engineering Conference and Symposium on the Foundations of Software Engineering - ESEC/FSE 2018},
  doi = {10.1145/3236024.3264598},
  isbn = {9781450355735},
  keywords = {2018,acm reference format,and alberto bacchelli,davide spadini,git,gitpython,maur\'{i}cio aniche,mining software repositories,pydriller,python},
  pages = {908--911},
  publisher = {ACM Press},
  title = {{PyDriller: Python framework for mining software repositories}},
  url = {http://dl.acm.org/citation.cfm?doid=3236024.3264598},
  year = {2018}
}

@inproceedings{an2021reducing,
  title={Reducing the search space of bug inducing commits using failure coverage},
  author={An, Gabin and Yoo, Shin},
  booktitle={Proceedings of the 29th ACM Joint Meeting on European Software Engineering Conference and Symposium on the Foundations of Software Engineering},
  pages={1459--1462},
  year={2021}
}

@inproceedings{wen2019exploring, 
  title={Exploring and Exploiting the Correlations between Bug-Inducing and Bug-Fixing Commits.}, 
  author={Wen, Ming and Wu, Rongxin and Liu, Yepang and Tian, Yongqiang and Xie, Xuan and Cheung, Shing-Chi and Su, Zhendong}, 
  booktitle={Proceedings of the 2019 27th ACM Joint Meeting on European Software Engineering Conference and Symposium on the Foundations of Software Engineering}, 
  year={2019}, 
  organization={ACM}
}

@inproceedings{neto2019revisiting,
  title={Revisiting and improving szz implementations},
  author={Neto, Edmilson Campos and da Costa, Daniel Alencar and Kulesza, Uir{\'a}},
  booktitle={2019 ACM/IEEE International Symposium on Empirical Software Engineering and Measurement (ESEM)},
  pages={1--12},
  year={2019},
  organization={IEEE}
}

@incollection{pokropinski2022szz,
  title={SZZ Unleashed-RA-C: An Improved Implementation of the SZZ Algorithm and Empirical Comparison with Existing Open Source Solutions},
  author={Pokropi{\'n}ski, Jaros{\l}aw and Gasiorek, Jakub and Kramarczyk, Patryk and Madeyski, Lech},
  booktitle={Developments in Information \& Knowledge Management for Business Applications},
  pages={181--199},
  year={2022},
  publisher={Springer}
}

@article{soto2021dataset,
  title={A dataset of regressions in web applications detected by end-to-end tests},
  author={Soto-S{\'a}nchez, {\'O}scar and Maes-Bermejo, Michel and Gallego, Micael and Gort{\'a}zar, Francisco},
  journal={Software Quality Journal},
  pages={1--30},
  year={2021},
  publisher={Springer}
}

@inproceedings{jang2012redebug,
  title={ReDeBug: finding unpatched code clones in entire os distributions},
  author={Jang, Jiyong and Agrawal, Abeer and Brumley, David},
  booktitle={2012 IEEE Symposium on Security and Privacy},
  pages={48--62},
  year={2012},
  organization={IEEE}
}

@article{castelluccio2019empirical,
  title={An empirical study of patch uplift in rapid release development pipelines},
  author={Castelluccio, Marco and An, Le and Khomh, Foutse},
  journal={Empirical Software Engineering},
  volume={24},
  number={5},
  pages={3008--3044},
  year={2019},
  publisher={Springer}
}

@inproceedings{barr2014plastic,
  title={The plastic surgery hypothesis},
  author={Barr, Earl T and Brun, Yuriy and Devanbu, Premkumar and Harman, Mark and Sarro, Federica},
  booktitle={Proceedings of the 22nd ACM SIGSOFT International Symposium on Foundations of Software Engineering},
  pages={306--317},
  year={2014}
}

@article{rodriguezperez2020watch,
  title={Watch out for extrinsic bugs! a case study of their impact in just-in-time bug prediction models on the {OpenStack} project},
  author={Rodriguezperez, Gema and Nagappan, Meiyappan and Robles, Gregorio},
  journal={IEEE Transactions on Software Engineering},
  year={2020},
  publisher={IEEE}
}

@inproceedings{saha2017selective,
  title={Selective bisection debugging},
  author={Saha, Ripon and Gligoric, Milos},
  booktitle={International Conference on Fundamental Approaches to Software Engineering},
  pages={60--77},
  year={2017},
  organization={Springer}
}

@article{cohen2015localization,
  title={Localization of real world regression Bugs using single execution},
  author={Cohen, Dekel and Yehudai, Amiram},
  journal={arXiv preprint arXiv:1505.01286},
  year={2015}
}

@inproceedings{khattar2015sarathi,
  title={Sarathi: Characterization study on regression bugs and identification of regression bug inducing changes: A case-study on google chromium project},
  author={Khattar, Manisha and Lamba, Yash and Sureka, Ashish},
  booktitle={Proceedings of the 8th India Software Engineering Conference},
  pages={50--59},
  year={2015}
}

@inproceedings{kim2006long,
  title={How long did it take to fix bugs?},
  author={Kim, Sunghun and Whitehead Jr, E James},
  booktitle={Proceedings of the 2006 international workshop on Mining software repositories},
  pages={173--174},
  year={2006}
}

@inproceedings{weiss2007long,
  title={How long will it take to fix this bug?},
  author={Weiss, Cathrin and Premraj, Rahul and Zimmermann, Thomas and Zeller, Andreas},
  booktitle={Fourth International Workshop on Mining Software Repositories (MSR'07: ICSE Workshops 2007)},
  pages={1--1},
  year={2007},
  organization={IEEE}
}

@inproceedings{bird2009:promises_perils_git,
  title={The promises and perils of mining git},
  author={Bird, Christian and Rigby, Peter C and Barr, Earl T and Hamilton, David J and German, Daniel M and Devanbu, Prem},
  booktitle={2009 6th IEEE International Working Conference on Mining Software Repositories},
  pages={1--10},
  year={2009},
  organization={IEEE}
}

@article{tan2014bug,
  title={Bug characteristics in open source software},
  author={Tan, Lin and Liu, Chen and Li, Zhenmin and Wang, Xuanhui and Zhou, Yuanyuan and Zhai, Chengxiang},
  journal={Empirical software engineering},
  volume={19},
  number={6},
  pages={1665--1705},
  year={2014},
  publisher={Springer}
}
@ARTICLE{1335465,
  author={Avizienis, A. and Laprie, J.-C. and Randell, B. and Landwehr, C.},
  journal={IEEE Transactions on Dependable and Secure Computing}, 
  title={Basic concepts and taxonomy of dependable and secure computing}, 
  year={2004},
  volume={1},
  number={1},
  pages={11-33},
  doi={10.1109/TDSC.2004.2}}

@ARTICLE{5399061,
  author={},
  journal={IEEE Std 1044-2009 (Revision of IEEE Std 1044-1993)}, 
  title={IEEE Standard Classification for Software Anomalies}, 
  year={2010},
  volume={},
  number={},
  pages={1-23},
  doi={10.1109/IEEESTD.2010.5399061}}

@article{ali2019search,
  title={On the search for industry-relevant regression testing research},
  author={Ali, Nauman Bin and Engstr{\"o}m, Emelie and Taromirad, Masoumeh and Mousavi, Mohammad Reza and Minhas, Nasir Mehmood and Helgesson, Daniel and Kunze, Sebastian and Varshosaz, Mahsa},
  journal={Empirical Software Engineering},
  volume={24},
  number={4},
  pages={2020--2055},
  year={2019},
  publisher={Springer}
}

@inproceedings{schmidt2001leveraging,
  title={Leveraging open-source communities to improve the quality \& performance of open-source software},
  author={Schmidt, Douglas C and Porter, Adam},
  booktitle={Proceedings of the 1st Workshop on Open Source Software Engineering},
  volume={1},
  year={2001},
  organization={Citeseer}
}

@inproceedings{sinha2010buginnings,
  title={Buginnings: identifying the origins of a bug},
  author={Sinha, Vibha Singhal and Sinha, Saurabh and Rao, Swathi},
  booktitle={Proceedings of the 3rd India software engineering conference},
  pages={3--12},
  year={2010}
}
@article{davies2014comparing,
  title={Comparing text-based and dependence-based approaches for determining the origins of bugs},
  author={Davies, Steven and Roper, Marc and Wood, Murray},
  journal={Journal of Software: Evolution and Process},
  volume={26},
  number={1},
  pages={107--139},
  year={2014},
  publisher={Wiley Online Library}
}

@article{kamei2012large,
  title={A large-scale empirical study of just-in-time quality assurance},
  author={Kamei, Yasutaka and Shihab, Emad and Adams, Bram and Hassan, Ahmed E and Mockus, Audris and Sinha, Anand and Ubayashi, Naoyasu},
  journal={IEEE Transactions on Software Engineering},
  volume={39},
  number={6},
  pages={757--773},
  year={2012},
  publisher={IEEE}
}

@article{iida2016improving,
  title={Improving the High-Impact Bug Reports: A Case Study of Apache Projects},
  author={Iida, Hajimu and Matsumoto, Kenichi},
  year={2016}
}

@inproceedings{bludau2022pr,
  title={PR-SZZ: How pull requests can support the tracing of defects in software repositories},
  author={Bludau, Peter and Pretschner, Alexander},
  booktitle={2022 IEEE International Conference on Software Analysis, Evolution and Reengineering (SANER)},
  pages={1--12},
  year={2022},
  organization={IEEE}
}

@article{petrulio2022szz,
  title={SZZ in the time of Pull Requests},
  author={Petrulio, Fernando and Ackermann, David and Fregnan, Enrico and Calikli, G{\"u}l and Castelluccio, Marco and Ledru, Sylvestre and Denizet, Calixte and Humphries, Emma and Bacchelli, Alberto},
  journal={IEEE Transactions of Software Engineering},
  year={2022}
}

@incollection{cormen2022depthfirstsearch, 
    title     = {Introduction to algorithms},              
    author    = {Cormen, Thomas H and Leiserson, Charles E and Rivest, Ronald L and Stein, Clifford},                       
    pages     = {540–549},                                 
    crossref  = {cormen2022introduction}                      
}

@book{cormen2022introduction,
  title={Introduction to algorithms},
  author={Cormen, Thomas H and Leiserson, Charles E and Rivest, Ronald L and Stein, Clifford},
  year={2001},
  publisher={MIT press}
}

@inproceedings{guo2010characterizing,
  title={Characterizing and predicting which bugs get fixed: an empirical study of microsoft windows},
  author={Guo, Philip J and Zimmermann, Thomas and Nagappan, Nachiappan and Murphy, Brendan},
  booktitle={Proceedings of the 32Nd ACM/IEEE International Conference on Software Engineering-Volume 1},
  pages={495--504},
  year={2010}
}

@article{purushothaman2005toward,
  title={Toward understanding the rhetoric of small source code changes},
  author={Purushothaman, Ranjith and Perry, Dewayne E},
  journal={IEEE Transactions on Software Engineering},
  volume={31},
  number={6},
  pages={511--526},
  year={2005},
  publisher={IEEE}
}
@inproceedings{yin2011fixes,
  title={How do fixes become bugs?},
  author={Yin, Zuoning and Yuan, Ding and Zhou, Yuanyuan and Pasupathy, Shankar and Bairavasundaram, Lakshmi},
  booktitle={Proceedings of the 19th ACM SIGSOFT symposium and the 13th European conference on Foundations of software engineering},
  pages={26--36},
  year={2011}
}
@inproceedings{gousios2014exploratory,
  title={An exploratory study of the pull-based software development model},
  author={Gousios, Georgios and Pinzger, Martin and Deursen, Arie van},
  booktitle={Proceedings of the 36th international conference on software engineering},
  pages={345--355},
  year={2014}
}
@article{zeller2002simplifying,
  title={Simplifying and isolating failure-inducing input},
  author={Zeller, Andreas and Hildebrandt, Ralf},
  journal={IEEE Transactions on Software Engineering},
  volume={28},
  number={2},
  pages={183--200},
  year={2002},
  publisher={IEEE}
}
@article{zeller2002isolating,
  title={Isolating cause-effect chains from computer programs},
  author={Zeller, Andreas},
  journal={ACM SIGSOFT Software Engineering Notes},
  volume={27},
  number={6},
  pages={1--10},
  year={2002},
  publisher={ACM New York, NY, USA}
}
@article{da2016framework,
  title={A framework for evaluating the results of the szz approach for identifying bug-introducing changes},
  author={Da Costa, Daniel Alencar and McIntosh, Shane and Shang, Weiyi and Kulesza, Uir{\'a} and Coelho, Roberta and Hassan, Ahmed E},
  journal={IEEE Transactions on Software Engineering},
  volume={43},
  number={7},
  pages={641--657},
  year={2016},
  publisher={IEEE}
}
@inproceedings{neto2018impact,
  title={The impact of refactoring changes on the szz algorithm: An empirical study},
  author={Neto, Edmilson Campos and Da Costa, Daniel Alencar and Kulesza, Uir{\'a}},
  booktitle={2018 IEEE 25th International Conference on Software Analysis, Evolution and Reengineering (SANER)},
  pages={380--390},
  year={2018},
  organization={IEEE}
}
@inproceedings{williams2008branching,
  title={Branching and merging in the repository},
  author={Williams, Chadd C and Spacco, Jaime W},
  booktitle={Proceedings of the 2008 international working conference on Mining software repositories},
  pages={19--22},
  year={2008}
}
@incollection{desikan2006softwareRegressionTesting,  
    title={Software testing: principles and practice},
    author={Desikan, Srinivasan and Ramesh, Gopalaswamy},
    pages     = {193--208},                                 
    crossref  = {desikan2006software}                     
}
@book{desikan2006software,
  title={Software testing: principles and practice},
  author={Desikan, Srinivasan and Ramesh, Gopalaswamy},
  year={2006},
  publisher={Pearson Education India}
}
@article{onoma1998regression,
  title={Regression testing in an industrial environment},
  author={Onoma, Akira K and Tsai, Wei-Tek and Poonawala, Mustafa and Suganuma, Hiroshi},
  journal={Communications of the ACM},
  volume={41},
  number={5},
  pages={81--86},
  year={1998},
  publisher={ACM New York, NY, USA}
}
@inproceedings{engstrom2010qualitative,
  title={A qualitative survey of regression testing practices},
  author={Engstr{\"o}m, Emelie and Runeson, Per},
  booktitle={International Conference on Product Focused Software Process Improvement},
  pages={3--16},
  year={2010},
  organization={Springer}
}
@article{rothermel1996analyzing,
  title={Analyzing regression test selection techniques},
  author={Rothermel, Gregg and Harrold, Mary Jean},
  journal={IEEE Transactions on software engineering},
  volume={22},
  number={8},
  pages={529--551},
  year={1996},
  publisher={IEEE}
}
@inproceedings{zimmermann2012characterizing,
  title={Characterizing and predicting which bugs get reopened},
  author={Zimmermann, Thomas and Nagappan, Nachiappan and Guo, Philip J and Murphy, Brendan},
  booktitle={2012 34th International Conference on Software Engineering (ICSE)},
  pages={1074--1083},
  year={2012},
  organization={IEEE}
}
@article{wahl1999overview,
  title={An overview of regression testing},
  author={Wahl, Nancy J},
  journal={ACM SIGSOFT Software Engineering Notes},
  volume={24},
  number={1},
  pages={69--73},
  year={1999},
  publisher={ACM New York, NY, USA}
}
@inproceedings{yoon2012exploratory,
  title={An exploratory study of backtracking strategies used by developers},
  author={Yoon, Young Seok and Myers, Brad A},
  booktitle={2012 5th International Workshop on Co-operative and Human Aspects of Software Engineering (CHASE)},
  pages={138--144},
  year={2012},
  organization={IEEE}
}
@inproceedings{yoon2014longitudinal,
  title={A longitudinal study of programmers' backtracking},
  author={Yoon, Young Seok and Myers, Brad A},
  booktitle={2014 IEEE Symposium on Visual Languages and Human-Centric Computing (VL/HCC)},
  pages={101--108},
  year={2014},
  organization={IEEE}
}
@article{perscheid2017studying,
  title={Studying the advancement in debugging practice of professional software developers},
  author={Perscheid, Michael and Siegmund, Benjamin and Taeumel, Marcel and Hirschfeld, Robert},
  journal={Software Quality Journal},
  volume={25},
  number={1},
  pages={83--110},
  year={2017},
  publisher={Springer}
}

% CONCLUSIONS

@inproceedings{msr17challenge,
 title={TravisTorrent: Synthesizing Travis CI and GitHub for Full-Stack Research on Continuous Integration},
 author={Beller, Moritz and Gousios, Georgios and Zaidman, Andy},
 booktitle={Proceedings of the 14th working conference on mining software repositories},
 preprint={http://www.st.ewi.tudelft.nl/~mbeller/publications/2017_beller_gousios_zaidman_travistorrent_synthesizing_travis_ci_and_github_for_full-stack_research_on_continuous_integration.pdf},
 year={2017}
}